%% This BibTeX bibliography file was created using BibDesk.
%% http://bibdesk.sourceforge.net/

%% Created for Neil Taylor at 2019-02-06 11:28:24 +0000 


%% Saved with string encoding Unicode (UTF-8) 


@string{aij = {Artificial Intelligence}}


@book{NumericalRecipes,
	Annote = {This is my annotation. I can add in comments that are in \textbf{bold} and \em{italics} and then other content.},
	Author = {Press, W.H. and others},
	Isbn = {0123456789},
	Pages = {349--361},
	Publisher = {Cambridge University Press Cambridge},
	Title = {{Numerical recipes in C}},
	Year = {1992}}

@inproceedings{MarksPaper,
	Annote = {This paper...},
	Author = {Mark Neal and Jan Feyereisl and Rosario Rascun\`{a} and Xiaolei Wang},
	Booktitle = {Proceedings of the 5th International Conference on Artificial Immune Systems},
	Pages = {349--361},
	Publisher = {Springer},
	Title = {{Don't touch me, I'm fine: Robot autonomy using an artificial innate immune system}},
	Year = {2006}}

@article{HannahsPaper,
	Annote = {This is my annotation. I should add in a description here.},
	Author = {Dee, H. M. and Hogg, D. C.},
	Journal = aij,
	Pages = {329-342},
	Title = {Navigational strategies in behaviour modelling},
	Volume = {173(2)},
	Year = 2009}

@misc{FailBlog,
	Annote = {This is my annotation. I should add in a description here. A longer piece of text.},
	Author = {Various},
	Date-Modified = {2019-02-06 11:28:22 +0000},
	Howpublished = {\url{http://www.failblog.org/}},
	Month = Aug,
	Note = {Accessed August 2011},
	Title = {Fail Blog},
	Year = {2011}}

@misc{kittenpic_ref,
	Annote = {This is my annotation. I should add in a description here.},
	Author = {Sylvia Duckworth},
	Howpublished = {\url{http://www.geograph.org.uk/photo/640959}},
	Note = {Copyright Sylvia Duckworth and licensed for reuse under a Creative Commons Attribution-Share Alike 2.0 Generic Licence. Accessed August 2011},
	Title = {{A picture of a kitten at Hellifield Peel}},
	Year = 2007}
