%% This BibTeX bibliography file was created using BibDesk.
%% http://bibdesk.sourceforge.net/

%% Created for Neil Taylor at 2019-02-06 11:28:24 +0000 


%% Saved with string encoding Unicode (UTF-8) 


@string{aij = {Artificial Intelligence}}

@misc{LunarLander,
Annote = {A recreation of the 1979 game Lunar Lander, hosted on a web page.},
	Author = {Lee-Delisle, Seb},
	Howpublished = {\url{http://moonlander.seb.ly/}},
	Note = {Accessed February 2023},
	Title = {Lunar Lander},
	}
 
 @misc{MartianAtmoDensity,
Annote = {A site that may prove useful in calculating atmospheric density frame by frame, and providing an approximation of this in game.},
	Author = {Nancy Hall},
	Howpublished = {\url{https://www.grc.nasa.gov/www/k-12/airplane/atmosmrm.html}},
	Note = {Accessed February 2023},
    Year = {2021},
    Month = {May},
	Title = {Mars Atmosphere Model - Metric Units},
	}

@incollection{AppliedPedagogies,
Annote = "This book, specifically chapter 9, goes over the benefits that can be drawn from the utilisation of simulation and games in education.",
  author      = "Jonathan Lean",
  title       = "Real World Learning: Simulation and Gaming",
  editor      = "Dawn Morley and Md Golam Jamil",
  booktitle   = "Applied Pedagogies for Higher Education Real World Learning and Innovation across the Curriculum.",
  publisher   = "Palgrave Macmillan",
  Note = {Accessed February 2023},
  address     = "London",
  Month = Jan,
  Year        = 2021,
  chapter     = 9,}

@misc{Viking1FactSheet,
Annote = {This is a fact sheet provided by NASA about the Viking 1 missions. It lacks specific details about the forces and physics that were at play during the landing, however it can still be used ensure accuracy when creating the scenarios in the game.},
	Author = {Jet Propulsion Laboratory and National Aeronautics and
Space Administration},
	Howpublished = {\url{https://mars.nasa.gov/internal_resources/828/}},
	Note = {Accessed February 2023},
	Title = {Viking Mission to Mars},
	}

@misc{GodotStepByStep,
	Annote = {This is part of the Godot documentation that explains everything about the engine in a step by step manner.},
	Author = {Various},
	Date-Modified = {2023-26-01},
	Howpublished = {\url{https://docs.godotengine.org/en/stable/getting_started/step_by_step/nodes_and_scenes.html}},
	Month = Jan,
	Note = {Accessed February 2023},
	Title = {Step-by-Step},
	Year = {2014}}

